@Article{eff70,
  author = {Fama, Eugene},
  title = {Efficient Capital Markets, A Review of Theory and Empirical Work},
  year = {1970},
  journal = {Journal of Finance},
  volume = {25},
  pages = {383{--}417}
}
@Article{eff65,
  author = {Fama, Eugene},
  title = {The Behavior of Stock Market Prices},
  year = {1965},
  journal = {Journal of Business},
  volume = {38},
  pages = {34{--}105}
}

@book{van2018argumentation,
  title={Argumentation theory: A pragma-dialectical perspective},
  author={van Eemeren, Frans H},
  year={2018},
  publisher={Springer}
}

@article{kahneman,
author = "Daniel Kahneman and Amos Tversky",
title = "Prospect Theory: An Analysis of Decision under Risk",
publisher = "Econometrica",
volume = "47(2)",
year = 1979
}

















